@inproceedings{1_CNN_bark,
  title        = {Patch-based CNN evaluation for bark classification},
  author       = {Misra, Debaleena and Crispim-Junior, Carlos and Tougne, Laure},
  booktitle    = {European Conference on Computer Vision},
  pages        = {197--212},
  year         = {2020},
  organization = {Springer}
}

@dataset{3_Tree_species,
  author    = {Fiel, Stefan and
               Sablatnig, Robert},
  title     = {{Tree Species Dataset consisting of  Images of the 
               Bark, Leaves or Needles}},
  month     = may,
  year      = 2010,
  publisher = {Zenodo},
  doi       = {10.5281/zenodo.4446955},
  url       = {https://doi.org/10.5281/zenodo.4446955}
}

@dataset{4_barkNet,
  doi       = {10.17632/ZGR7R2R4NT},
  url       = {https://data.mendeley.com/datasets/zgr7r2r4nt},
  author    = {Gigu√®re, Philippe},
  keywords  = {Forestry, Agriculture Industry, Deep Learning},
  title     = {BarkNet 1.0 (Part 1 of 4)},
  publisher = {Mendeley},
  year      = {2019}
}

@dataset{2_BARK-KR,
  author    = {Tae Kyung, Kim and
               Gyu Heon, Baek and
               Hyun Seok Kim},
  title     = {Tree bark identification dataset (BARK-KR)},
  month     = may,
  year      = 2021,
  note      = {{This work was supported by Korea Forest Service 
               (Korea Forestry Promotion Institute), grant number
               2018113B10-2020-BB01 and 2020185D10-2122-AA02.}},
  publisher = {Zenodo},
  doi       = {10.5281/zenodo.4872489},
  url       = {https://doi.org/10.5281/zenodo.4872489}
}

@inproceedings{bark_texture,
  title        = {Bark classification by combining grayscale and binary texture features},
  author       = {Song, Jiatao and Chi, Zheru and Liu, Jilin and Fu, Hong},
  booktitle    = {Proceedings of 2004 International Symposium on Intelligent Multimedia, Video and Speech Processing, 2004.},
  pages        = {450--453},
  year         = {2004},
  organization = {IEEE}
}

@article{rbpnn_bark,
  title     = {Bark classification using RBPNN based on both color and texture feature},
  author    = {Huang, Zhi-Kai},
  journal   = {International Journal of Computer Science and Network Security},
  volume    = {6},
  number    = {10},
  pages     = {100--103},
  year      = {2006},
  publisher = {Citeseer}
}